@article{stoyan,
        author={Stoyan,Herbert},
        year={1979},
        title={LISP history},
        journal={ACM Lisp Bulletin},
        number={3},
        pages={42-53},
        note={doi/10.1145/1411829.1411837},
        isbn={2372-8752},
        language={English},
}
@article{pt,
        author={Pleszkun and Thazhuthaveetil},
        year={1987},
        title={The Architecture of Lisp Machines},
        journal={Computer},
        volume={20},
        number={3},
        pages={35-44},
        note={doi/10.1109/MC.1987.1663507},
        keywords={Artificial intelligence; Software systems; Software prototyping; Runtime; Data structures; Graphics; Expert systems; Computer languages},
        isbn={0018-9162},
        language={English},
}
@online{mccarthy,
        author={John McCarthy},
	title={Recursive Functions of Symbolic Expressions and Their Computation by Machine, Part I},
	date={April 1960},
	url={http://www-formal.stanford.edu/jmc/recursive.pdf}
}
@online{andromeda,
	url={http://www.andromeda.com/people/ddyer/lisp/}
},
@online{withington,
	author={P.T. Withington},
	title={The Lisp Machine: Noble Experiment or Fabulous Failure?},
	url={http://pt.withy.org/publications/LispM.pdf}
}
@online{ss,
	author={Guy Lewis Steele Jr. and Gerald Jay Susan},
	date={March 1979},
	url={http://dspace.mit.edu/bitstream/handle/1721.1/5731/AIM-514.pdf}
}
@online{graham,
    author={Paul Graham},
    date={April 2003},
    url={http://paulgraham.com/avg.html}
}
